@article{adam,
author = {Diederik P. Kingma and Jimmy Lei Ba},
year = {2014},
title = {{Adam: A Method for Stochastic Optimization}},
journal = {{International Conference on Learning Representations}},
}
} @article{gdo,
author = {Sebastian Ruder},
title = {{An overview of gradient descent optimization
algorithms}},year = {2016},
 journal = {{arXiv:1609.04747}}
}
@article{convad,
author = {Sashank J. Reddi and Satyen Kale and Sanjiv Kumar},
year = {2019},
title = {On the Convergence of Adam and Beyond}, journal = {{arXiv:1904.09237}}
}
@article{prof,
author = {Bottou, L\'{e}on and Curtis, Frank E. and Nocedal, Jorge},
title = {Optimization Methods for Large-Scale Machine Learning},
journal = {SIAM Review},
volume = {60},
number = {2},
pages = {223-311},
year = {2018},
doi = {10.1137/16M1080173}}
@inproceedings{inproceedings,
author = {Loshchilov, Ilya and Hutter, Frank},
year = {2016},
month = {08},
pages = {},
title = {SGDR: Stochastic Gradient Descent with Warm Restarts}
}